@misc{game_date,
    author = {The Learning Agency Lab},
    title = {Predict Student Performance from Game Play},
    year = {2023},
    howpublished= {\url{https://www.kaggle.com/competitions/predict-student-performance-from-game-play/overview}}, 
    note = "Accessed: 2023-03-18"
} 

@misc{jo_wilder,
    author = {PBS Wisconsin Education},
    title = {Jo Wilder and the Capitol Case},
    year = {2021},
    howpublished= {\url{https://pbswisconsineducation.org/jowilder/about/}}, 
    note = "Accessed: 2023-03-18"
}

@misc{simple_xgb,
    author = {MACHENGYUAN},
    title = {Simple XGB model},
    year = {2023},
    howpublished= {\url{https://www.kaggle.com/code/machengyuan/simple-xgb-model/notebook}}, 
    note = "Accessed: 2023-03-25"
}

@misc{detailed_eda,
    author = {Paul Bacher},
    title = {Predict Student Performance from Game Play},
    year = {2023},
    howpublished= {\url{https://www.kaggle.com/code/paulbacher/detailed-eda-student-perf-from-game-play}}, 
    note = "Accessed: 2023-03-23"
}

@misc{polars,
    author = {Ritchie Vink},
    title = {Polars: Blazingly fast DataFrames},
    year = {2017},
    howpublished= {\url{https://www.pola.rs/}}, 
    note = "Accessed: 2023-03-25"
}